<record><leader>00000cas a2200000 a 4500</leader><controlfield tag="001">11201521</controlfield><controlfield tag="008">840927d18881890ksudr ne      0   a0eng d</controlfield><controlfield tag="009">3789</controlfield><datafield ind1=" " ind2=" " tag="010"><subfield code="a">sn 84029612 </subfield></datafield><datafield ind1=" " ind2=" " tag="040"><subfield code="a">KSH</subfield><subfield code="b">eng</subfield><subfield code="c">KSH</subfield><subfield code="d">NPT</subfield><subfield code="d">OCL</subfield></datafield><datafield ind1=" " ind2=" " tag="042"><subfield code="a">msc</subfield></datafield><datafield ind1="0" ind2=" " tag="130"><subfield code="a">Evening tribune (Lawrence, Kan. : 1888)</subfield></datafield><datafield ind1="0" ind2="4" tag="245"><subfield code="a">The evening tribune.</subfield></datafield><datafield ind1=" " ind2=" " tag="260"><subfield code="a">Lawrence, Kan. :</subfield><subfield code="b">Charles F. Scott,</subfield><subfield code="c">1888-1890.</subfield></datafield><datafield ind1=" " ind2=" " tag="300"><subfield code="a">2 v. :</subfield><subfield code="b">ill. ;</subfield><subfield code="c">60 cm.</subfield></datafield><datafield ind1=" " ind2=" " tag="310"><subfield code="a">Daily (except Sunday)</subfield></datafield><datafield ind1="0" ind2=" " tag="362"><subfield code="a">Vol. 1, no. 21 (Aug. 14, 1888)-v. 2, no. 497 (Mar. 29, 1890).</subfield></datafield><datafield ind1=" " ind2=" " tag="500"><subfield code="a">"Conference ed." published Mar. 6-13, 1889.</subfield></datafield><datafield ind1=" " ind2=" " tag="500"><subfield code="a">Published by [Journal Co.], Jan. 1, 1889-Mar. 29, 1890.</subfield></datafield><datafield ind1=" " ind2=" " tag="500"><subfield code="a">"Republican in politics."</subfield></datafield><datafield ind1=" " ind2=" " tag="525"><subfield code="a">Has occasional supplements.</subfield></datafield><datafield ind1=" " ind2=" " tag="580"><subfield code="a">Issued also in weekly edition called: Lawrence tribune, Aug. 14-Dec. 28, 1888.</subfield></datafield><datafield ind1=" " ind2=" " tag="752"><subfield code="a">United States</subfield><subfield code="b">Kansas</subfield><subfield code="c">Douglas</subfield><subfield code="d">Lawrence.</subfield></datafield><datafield ind1="1" ind2=" " tag="775"><subfield code="t">Lawrence tribune</subfield><subfield code="w">(DLC)sn 84029637</subfield></datafield><datafield ind1="0" ind2="0" tag="780"><subfield code="t">Evening tribune and evening telegram</subfield><subfield code="w">(DLC)sn 84029577</subfield></datafield><datafield ind1="0" ind2="4" tag="785"><subfield code="t">Lawrence daily journal</subfield><subfield code="w">(DLC)sn 84029603</subfield></datafield></record>